@book{Baker:Introduction,
  title={Introduction to sequencing and scheduling},
  author={Baker, K.R.},
  year={1974},
  publisher={Wiley \& Sons}
}

@book{Michalewicz:EvolutionPrograms,
 author = {Michalewicz, Zbigniew},
 title = {Genetic Algorithms + Data Structures = Evolution Programs (3rd Ed.)},
 year = {1996},
 isbn = {3-540-60676-9},
 publisher = {Springer-Verlag},
 address = {London, UK, UK}
}

@book{Goldberg:GeneticAlgorithms,
 author = {Goldberg, David E.},
 title = {Genetic Algorithms in Search, Optimization and Machine Learning},
 year = {1989},
 isbn = {0201157675},
 edition = {1st},
 publisher = {Addison-Wesley Longman Publishing Co., Inc.},
 address = {Boston, MA, USA}
}

@book{Holland:Adaptation,
  title={Adaptation in natural and artificial systems: an introductory analysis with applications to biology, control, and artificial intelligence},
  author={Holland, J.H.},
  isbn={9780472084609},
  year={1975},
  publisher={University of Michigan Press}
}

@InProceedings{JanikowMichalewicz:ExperimentalComparison,
  title =        "An Experimental Comparison of Binary and Floating
                 Point Representations in Genetic Algorithms",
  author =       "Cezary Z. Janikow and Zbigniew Michalewicz",
  booktitle =    "Proceedings of the Fourth International Conference on
                 Genetic Algorithms",
  publisher =    "Morgan Kaufman",
  editor =       "Rick Belew and Lashon Booker",
  address =      "San Mateo, CA",
  pages =        "31--36",
  year =         "1991"
}

@InProceedings{BaeckHoffmeister:ExtendedSelection,
    author = {Thomas Bäck and Frank Hoffmeister},
    title = {Extended Selection Mechanisms in Genetic Algorithms},
    pages = {92--99},
    booktitle =    "Proceedings of the Fourth International Conference on
                 Genetic Algorithms",
  	publisher =    "Morgan Kaufman",
  	editor =       "Rick Belew and Lashon Booker",
  	address =      "San Mateo, CA",
  	year =         "1991"
}

@InProceedings{Wright:GeneticAlgorithms,
    author = {Alden H. Wright},
    title = {Genetic Algorithms for Real Parameter Optimization},
    booktitle = {Foundations of Genetic Algorithms},
    year = {1991},
    pages = {205--218},
    publisher = {Morgan Kaufmann}
}

@book{GolubVanLoan:MatrixComputations,
  title={Matrix Computations},
  author={Golub, G.H. and Van Loan, C.F.},
  year={1996},
  publisher={Johns Hopkins University Press}
}

@book{LawsonHanson:SolvingLeastSquares,
  title={Solving Least Squares Problems},
  author={Charles L. Lawson and Richard J. Hanson},
  year={1974},
  publisher={Society for Industrial and Applied Mathematics}
}

@MISC{CantuPaz:Summary,
    author = {Erick Cantú-Paz},
    title = {A Summary of Research on Parallel Genetic Algorithms},
    year = {1995}
}

@article{AlbaTroya:Survey,
 author = {Alba, Enrique and Troya, Jos{\'e} M.},
 title = {A Survey of Parallel Distributed Genetic Algorithms},
 journal = {Complexity},
 issue_date = {Mar./Apr. 1999},
 volume = {4},
 number = {4},
 month = mar,
 year = {1999},
 issn = {1076-2787},
 pages = {31--52},
 numpages = {22},
 publisher = {John Wiley \& Sons, Inc.},
 address = {New York, NY, USA}
} 

@book{kielbasinski,
  title={Numeryczna algebra liniowa: wprowadzenie do oblicze{\'n} zautomatyzowanych},
  author={Kie{\l}basi{\'n}ski, A. and Schwetlick, H.},
  isbn={9788320412604},
  year={1992},
  publisher={WNT}
}

@article{michalewiczjanikow:genetic,
	year={1991},
	journal={Statistics and Computing},
	volume={1},
	number={2},
	title={Genetic algorithms for numerical optimization},
	publisher={Kluwer Academic Publishers},
	author={Michalewicz, Zbigniew and Janikow, CezaryZ.},
	pages={75-91}
}

@article {Johnson:2002:AAA,
	title = {A Theoretician{\textquoteright}s Guide to the Experimental Analysis of Algorithms},
	journal = {Data Structures, Near Neighbor Searches, and Methodology: Fifth and Sixth DIMACS Implementation Challenges},
	year = {2002},
	pages = {215{\textendash}250},
	publisher = {American Mathematical Society},
	author = {David S. Johnson},
	editor = {M. H. Goldwasser and D. S. Johnson and C. C. McGeoch}
}

@article {swann:surveynonlinear,
	title = {A survey of non-linear optimization techniques},
	journal = {FEBS LETTERS},
	year = {1969},
	publisher = {North-Holland Publishing Company},
	author = {W. H. Swann}
}

@misc{website:NETLIB,
      title = "Netlib repository",
      howpublished = "\url{http://www.netlib.org/lp/data/}"
}

@misc{website:gamsglobal,
      title = "{GLOBALL}ib",
      howpublished = "\url{http://www.gamsworld.org/global/globallib.htm}"
}

@misc{website:meszaros,
	  author = "Csaba Mészáros",
      title = "Hungarian {A}cademy of {S}ciences {LP} library",
      howpublished = "\url{http://www.sztaki.hu/~meszaros/}"
}

@misc{website:juliadocs,
      title = "Julia Documentation",
      howpublished = "\url{http://docs.julialang.org/}"
}